@inproceedings{DBLP:conf/oopsla/Abi-AntounA06,
  author    = {Marwan Abi{-}Antoun and
               Jonathan Aldrich},
  title     = {Bringing ownership domains to mainstream Java},
  booktitle = {Companion to the 21th Annual {ACM} {SIGPLAN} Conference on Object-Oriented
               Programming, Systems, Languages, and Applications, {OOPSLA} 2006,
               October 22-26, 2006, Portland, Oregon, {USA}},
  pages     = {702--703},
  year      = {2006}
}

@book{Abadi:1996:TO:547964,
 author = {Abadi, Martin and Cardelli, Luca},
 title = {A Theory of Objects},
 year = {1996},
 isbn = {0387947752},
 edition = {1st},
 publisher = {Springer-Verlag New York, Inc.},
 address = {Secaucus, NJ, USA},
}  

@inproceedings{DBLP:conf/icse/AldrichCN02,
  author    = {Jonathan Aldrich and
               Craig Chambers and
               David Notkin},
  title     = {ArchJava: connecting software architecture to implementation},
  booktitle = {Proceedings of the 24th International Conference on Software Engineering,
               {ICSE} 2002, 19-25 May 2002, Orlando, Florida, {USA}},
  pages     = {187--197},
  year      = {2002}
}

@article{DBLP:journals/scp/ArnaudDDT15,
  author    = {Jean{-}Baptiste Arnaud and
               St{\'{e}}phane Ducasse and
               Marcus Denker and
               Camille Teruel},
  title     = {Handles: Behavior-propagating first class references for dynamically-typed
               languages},
  journal   = {Sci. Comput. Program.},
  volume    = {98},
  pages     = {318--338},
  year      = {2015}
}

@inproceedings{DBLP:conf/ecoop/AldrichSCN03,
  author    = {Jonathan Aldrich and
               Vibha Sazawal and
               Craig Chambers and
               David Notkin},
  title     = {Language Support for Connector Abstractions},
  booktitle = {{ECOOP} 2003 - Object-Oriented Programming, 17th European Conference,
               Darmstadt, Germany, July 21-25, 2003, Proceedings},
  pages     = {74--102},
  year      = {2003}
}

@article{DBLP:journals/spe/BrunetonCLQS06,
  author    = {Eric Bruneton and
               Thierry Coupaye and
               Matthieu Leclercq and
               Vivien Qu{\'{e}}ma and
               Jean{-}Bernard Stefani},

  title     = {The {FRACTAL} component model and its support in Java},
  journal   = {Softw., Pract. Exper.},
  volume    = {36},
  number    = {11-12},
  pages     = {1257--1284},
  year      = {2006}
}

@article{Boehm:1976:SE:1311958.1312684,
 author = {Boehm, B. W.},
 title = {Software Engineering},
 journal = {IEEE Trans. Comput.},
 issue_date = {December 1976},

 volume = {25},
 number = {12},
 month = dec,
 year = {1976},
 pages = {1226--1241},
 publisher = {IEEE Computer Society},
 address = {Washington, DC, USA}
} 

@inproceedings{DBLP:conf/oopsla/ClarkePN98,
  author    = {David G. Clarke and
               John Potter and
               James Noble},
  title     = {Ownership Types for Flexible Alias Protection},
  booktitle = {Proceedings of the 1998 {ACM} {SIGPLAN} Conference on Object-Oriented
               Programming Systems, Languages {\&} Applications {(OOPSLA} '98),
               Vancouver, British Columbia, Canada, October 18-22, 1998.},
  pages     = {48--64},
  year      = {1998}
}

@book{DBLP:books/aw/ArnoldGH00,
  author    = {Ken Arnold and
               James Gosling and
               David Holmes},
  title     = {The Java Programming Language, Third Edition},
  publisher = {Addison-Wesley},
  year      = {2000}
}

@book{DBLP:books/daglib/0069787,
  author    = {Ellis Horowitz},
  title     = {Fundamentals of programming languages {(2.} ed.)},
  series    = {Computer software engineering series},
  publisher = {Computer Science Press},
  year      = {1984}
}

@inproceedings{kruchten1998modeling,
  title={Modeling component systems with the unified modeling language},
  author={Kruchten, Philippe},
  publisher = {Int. Workshop on Component-Based Software Eng.},
  year = {1998}
}

@article{Il68,
  author = {McIlroy, M. D.},
  chapter = 14,
  journal = {Proc. NATO Conf. on Software Engineering, Garmisch, Germany},
  publisher = {Springer-Verlag},
  title = {Mass-produced software components},
  year = 1968
}

@book{opac-b1077467,
   title = "Ada pour l'écriture de composants logiciels : projet de norme Ada 9X",
   author = "Nebut, Jean-Louis",
   series = "Collection Informatique",
   publisher = "Ed. Technip, 1994 (05-Gap)",
   address = "Paris",
}

@inproceedings{DBLP:conf/cds/PryceC98,
  author    = {Nat Pryce and
               Steve Crane},
  title     = {Component interaction in distributed systems},
  booktitle = {Fourth International Conference on Configurable Distributed Systems,
               1998, Proceedings, Annapolis, MA, USA, 6 May, 1998},
  pages     = {71--78},
  year      = {1998}
}

@misc{peschanski2001typeful,
  title={A typeful composition model for dynamic software architectures},
  author={Peschanski, Frédéric and Queinnec, Christian and Briot, Jean-Pierre},
  year={Technical Report , Univ. of Paris VI, 2001},
  publisher={Technical Report , Univ. of Paris VI}
}

@phdthesis{dony1989langages,
  title={Langages a objets et genie logiciel, application a la gestion des exceptions et a l'environnementde mise au point},
  author={Dony, Christophe},
  year={1989},
  school={Paris 6}
}

@phdthesis{fabresse2007decoupage,
  title={Du d{\'e}coupage {\`a} l'assemblage non anticip{\'e} de composants: Conception et mise en oeuvre du langage {\`a} composants Scl},
  author={Fabresse, Luc},
  year={2007},
  school={Universit{\'e} Montpellier II-Sciences et Techniques du Languedoc}
}

@article{sites1972algol,
  title={Algol W reference manual},
  author={Sites, Richard L},
  year={Stanford University, 1972},
  publisher={Stanford University}
}

@inproceedings{szyperski1999components,
  title={Components vs. objects vs. component objects},
  author={Szyperski, Clemens},
  booktitle={Proceedings of OOP},
  year={1999}
}

@inproceedings{Spacek:2014:CMA:2602458.2602476,
 author = {Spacek, Petr and Dony, Christophe and Tibermacine, Chouki},
 title = {A Component-based Meta-level Architecture and Prototypical Implementation of a Reflective Component-based Programming and Modeling Language},
 booktitle = {Proceedings of the 17th International ACM Sigsoft Symposium on Component-based Software Engineering},
 series = {CBSE '14},
 year = {2014},
 isbn = {978-1-4503-2577-6},
 location = {Marcq-en-Bareul, France},
 pages = {13--22},
 numpages = {10},
 url = {http://doi.acm.org/10.1145/2602458.2602476},
 doi = {10.1145/2602458.2602476},
 acmid = {2602476},
 publisher = {ACM},
 address = {New York, NY, USA},
 keywords = {architecture, component, constraints, modeling, programming, reflection, reflexive meta-model, transformations},
} 

@book{Stroustrup:2000:CPL:518791,
 author = {Stroustrup, Bjarne},
 title = {The  C++ Programming Language},
 year = {2000},
 isbn = {0201700735},
 edition = {3rd},
 publisher = {Addison-Wesley Longman Publishing Co., Inc.},
 address = {Boston, MA, USA},
} 

@misc{specificationuml,
  title={UML 2.0 Superstructure Specification},
  author={Specification, OMG Adopted}
}

@misc{specificationejb,
  title={EJB 3.1 Core Contracts and Requirements},
  author={Specification, Sun Microsystems}
}

@article{seco2008component,
  title={ComponentJ: A component-based programming language with dynamic reconfiguration},
  author={Seco, Jo{\~a}o Costa and Silva, Ricardo and Piriquito, Margarida},
  journal={Computer Science and Information Systems},
  volume={5},
  number={2},
  pages={63--86},
  year={2008}
}

%%%%%%%%%%%%%%%%%%%%%%%%%%%%%%%%%%%%%%%%%



@incollection{aldrich2004ownership,
  title={Ownership domains: Separating aliasing policy from mechanism},
  author={Aldrich, Jonathan and Chambers, Craig},
  booktitle={ECOOP 2004--Object-Oriented Programming},
  pages={1--25},
  year={2004},
  publisher={Springer}
}

@book{Gosling:2014:JLS:2636997,
 author = {Gosling, James and Joy, Bill and Steele, Guy L. and Bracha, Gilad and Buckley, Alex},
 title = {The Java Language Specification, Java SE 8 Edition},
 year = {2014},
 isbn = {013390069X, 9780133900699},
 edition = {1st},
 publisher = {Addison-Wesley Professional},
} 

@book{Szyperski:2002:CSB:515228,
 author = {Szyperski, Clemens},
 title = {Component Software: Beyond Object-Oriented Programming},
 year = {2002},
 isbn = {0201745720},
 edition = {2nd},
 publisher = {Addison-Wesley Longman Publishing Co., Inc.},
 address = {Boston, MA, USA},
} 

@book{Hejlsberg:2003:CLS:861332,
 author = {Hejlsberg, Anders and Wiltamuth, Scott and Golde, Peter},
 title = {C\# Language Specification},
 year = {2003},
 isbn = {0321154916},
 publisher = {Addison-Wesley Longman Publishing Co., Inc.},
 address = {Boston, MA, USA},
} 

@inproceedings{szyperski1999component,
  title={Component-oriented programming},
  author={Szyperski, Clemens and Bosch, Jan and Weck, Wolfgang},
  booktitle={Object-oriented technology ecoop’99 workshop reader},
  pages={184--192},
  year={1999},
  organization={Springer}
}

@book{Winskel:1993:FSP:151145,
 author = {Winskel, Glynn},
 title = {The Formal Semantics of Programming Languages: An Introduction},
 year = {1993},
 isbn = {0-262-23169-7},
 publisher = {MIT Press},
 address = {Cambridge, MA, USA}
} 

@inproceedings{Rel-Exec3,
author = "Tollitte, Pierre-Nicolas and Delahaye, David and Dubois, Catherine",
title = "{Producing Certified Functional Code from Inductive Specifications}",
booktitle = "Certified Programs and Proofs (CPP)",
editor = "Hawblitzel, Chris and Miller, Dale",
publisher = "Springer",
series = "Lecture Notes in Computer Science (LNCS)", 
address = "Kyoto (Japan)",
volume = 7679,
pages = "76--91",
month = dec,
year = 2012
}

@techreport{IversDocumentingComponent2004,
title={Documenting Component and Connector Views with UML 2.0},
author={James Ivers and Paul Clements and David Garlan and Robert Nord and Bradley Schmerl and Oviedo Silva},
year={2004},
number={CMU/SEI-2004-TR-008},
institution={Software Engineering Institute, Carnegie Mellon University},
address={Pittsburgh, PA},
url={http://resources.sei.cmu.edu/library/asset-view.cfm?AssetID=7095} 
} 






